%YAML 1.1
%TAG !u! tag:unity3d.com,2011:
--- !u!1001 &100100000
Prefab:
  m_ObjectHideFlags: 1
  serializedVersion: 2
  m_Modification:
    m_TransformParent: {fileID: 0}
    m_Modifications: []
    m_RemovedComponents: []
  m_ParentPrefab: {fileID: 0}
  m_RootGameObject: {fileID: 1000013510087306}
  m_IsPrefabParent: 1
--- !u!1 &1000013510087306
GameObject:
  m_ObjectHideFlags: 0
  m_PrefabParentObject: {fileID: 0}
  m_PrefabInternal: {fileID: 100100000}
  serializedVersion: 4
  m_Component:
  - 4: {fileID: 4000012068273254}
  - 114: {fileID: 114000012624242044}
  - 114: {fileID: 114000011011355324}
  m_Layer: 8
  m_Name: BoosterFire
  m_TagString: Untagged
  m_Icon: {fileID: 0}
  m_NavMeshLayer: 0
  m_StaticEditorFlags: 0
  m_IsActive: 1
--- !u!4 &4000012068273254
Transform:
  m_ObjectHideFlags: 1
  m_PrefabParentObject: {fileID: 0}
  m_PrefabInternal: {fileID: 100100000}
  m_GameObject: {fileID: 1000013510087306}
  m_LocalRotation: {x: -0, y: 0.9659258, z: -0.2588191, w: -0.000000014901161}
  m_LocalPosition: {x: 0.000043926237, y: -0.041094527, z: 0.14109413}
  m_LocalScale: {x: 1, y: 1, z: 1}
  m_LocalEulerAnglesHint: {x: 30, y: 180, z: 0}
  m_Children: []
  m_Father: {fileID: 0}
  m_RootOrder: 0
--- !u!114 &114000011011355324
MonoBehaviour:
  m_ObjectHideFlags: 1
  m_PrefabParentObject: {fileID: 0}
  m_PrefabInternal: {fileID: 100100000}
  m_GameObject: {fileID: 1000013510087306}
  m_Enabled: 1
  m_EditorHideFlags: 0
  m_Script: {fileID: 11500000, guid: 5efe3bc5e3edb3e42b0a9a45eec91b94, type: 3}
  m_Name: 
  m_EditorClassIdentifier: 
  BeamColor: {r: 1, g: 0, b: 0, a: 1}
  AnimationSpd: 0.1
  Scale: 1
  MaxLength: 0
  bEnd: 0
  bGero: 1
--- !u!114 &114000012624242044
MonoBehaviour:
  m_ObjectHideFlags: 1
  m_PrefabParentObject: {fileID: 0}
  m_PrefabInternal: {fileID: 100100000}
  m_GameObject: {fileID: 1000013510087306}
  m_Enabled: 1
  m_EditorHideFlags: 0
  m_Script: {fileID: 11500000, guid: 3be6d421eba197c41a13ea9493bd44ec, type: 3}
  m_Name: 
  m_EditorClassIdentifier: 
  Shot2: {fileID: 100006, guid: 18e6997b0cea7f249bf0e687ba9da449, type: 2}
  Wave: {fileID: 163602, guid: 2e71c373747c637418583232129f9bae, type: 2}
